@misc {
  SteveLantz2013,
  author = "Steve Lantz",
  publisher = "Cornell Center for Advanced Computing",
  title = "MPI One-Sided Communication",
  year = "2013",
  howpublished = "\url{https://cvw.cac.cornell.edu/MPIoneSided/default}",
  note = "[Online; accessed 30-January-2016]"
}

@misc {
  Timing,
  title = "How to measure elapsed real time for benchmarking",
  howpublished = "\url{http://nadeausoftware.com/articles/2012/04/c_c_tip_how_measure_elapsed_real_time_benchmarking}",
  note = "[Online; accessed 30-January-2016]"
}
